<?xml version="1.0" encoding="UTF-8" ?>
<collection xmlns:xsi="http://www.w3.org/2001/XMLSchema-instance"
    xsi:schemaLocation="http://www.loc.gov/MARC21/slim
        http://www.loc.gov/standards/marcxml/schema/MARC21slim.xsd"
    xmlns="http://www.loc.gov/MARC21/slim">
<record>
  <leader>00239nam a2200469 ia4500</leader>
  <controlfield tag="001">b22107228</controlfield>
  <controlfield tag="003">LeBAU</controlfield>
  <controlfield tag="008">190107s1945    ua            ||0 0 ara d</controlfield>
  <datafield tag="040" ind1=" " ind2=" ">
    <subfield code="a">LEAUB</subfield>
    <subfield code="b">ara</subfield>
    <subfield code="e">rda</subfield>
    <subfield code="c">LEAUB</subfield>
  </datafield>
  <datafield tag="082" ind1="0" ind2="4">
    <subfield code="a">892.78</subfield>
    <subfield code="2">22</subfield>
  </datafield>
  <datafield tag="100" ind1="1" ind2=" ">
    <subfield code="6">880-01</subfield>
    <subfield code="a">Ḥusayn, Ṭāhā,</subfield>
    <subfield code="d">1889-1973,</subfield>
    <subfield code="e">author.</subfield>
  </datafield>
  <datafield tag="245" ind1="1" ind2="0">
    <subfield code="6">880-02</subfield>
    <subfield code="a">al-Ayyām /</subfield>
    <subfield code="c">Ṭāhā Ḥusayn.</subfield>
  </datafield>
  <datafield tag="264" ind1=" " ind2="1">
    <subfield code="6">880-03</subfield>
    <subfield code="a">Miṣr :</subfield>
    <subfield code="b">Maṭbaʻat al-Maʻārif wa-Maktabatuhā,</subfield>
    <subfield code="c">1945.</subfield>
  </datafield>
  <datafield tag="300" ind1=" " ind2=" ">
    <subfield code="6">880-04</subfield>
    <subfield code="a">2 volumes ;</subfield>
    <subfield code="c">21 cm</subfield>
  </datafield>
  <datafield tag="336" ind1=" " ind2=" ">
    <subfield code="a">text</subfield>
    <subfield code="b">txt</subfield>
    <subfield code="2">rdacontent</subfield>
  </datafield>
  <datafield tag="337" ind1=" " ind2=" ">
    <subfield code="a">unmediated</subfield>
    <subfield code="b">n</subfield>
    <subfield code="2">rdamedia</subfield>
  </datafield>
  <datafield tag="338" ind1=" " ind2=" ">
    <subfield code="a">volume</subfield>
    <subfield code="b">nc</subfield>
    <subfield code="2">rdacarrier</subfield>
  </datafield>
  <datafield tag="590" ind1=" " ind2=" ">
    <subfield code="a">في المكتبة: الجزء 2.</subfield>
  </datafield>
  <datafield tag="600" ind1="1" ind2="4">
    <subfield code="a">حسين، طه،</subfield>
    <subfield code="d">1889-1973.</subfield>
  </datafield>
  <datafield tag="600" ind1="1" ind2="0">
    <subfield code="a">Husayn, Taha,</subfield>
    <subfield code="d">1889-1973.</subfield>
  </datafield>
  <datafield tag="650" ind1=" " ind2="4">
    <subfield code="a">المؤلفون العرب</subfield>
    <subfield code="z">مصر</subfield>
    <subfield code="v">تراجم.</subfield>
  </datafield>
  <datafield tag="650" ind1=" " ind2="4">
    <subfield code="a">الترجمة الذاتية</subfield>
    <subfield code="x">المؤلفون المصريون.</subfield>
  </datafield>
  <datafield tag="650" ind1=" " ind2="0">
    <subfield code="a">Authors, Arab</subfield>
    <subfield code="z">Egypt</subfield>
    <subfield code="v">Biography.</subfield>
  </datafield>
  <datafield tag="650" ind1=" " ind2="0">
    <subfield code="a">Autobiography</subfield>
    <subfield code="x">Egyptian authors.</subfield>
  </datafield>
  <datafield tag="775" ind1="0" ind2="8">
    <subfield code="6">880-05</subfield>
    <subfield code="i">has designation of edition</subfield>
    <subfield code="4">http://rdaregistry.info/Elements/m/P30133 :</subfield>
    <subfield code="a">Ḥusayn, Ṭāhā, 1889-1973.</subfield>
    <subfield code="t">al-Ayyām.</subfield>
    <subfield code="b">al-Ṭabʻah al-thānīyah wa-al-khamsūn.</subfield>
    <subfield code="d">Miṣr : Dār al-Maʻārif, 1974</subfield>
    <subfield code="w">(LEAUB)b19207281</subfield>
  </datafield>
  <datafield tag="775" ind1="0" ind2="8">
    <subfield code="6">880-06</subfield>
    <subfield code="i">has designation of edition</subfield>
    <subfield code="4">http://rdaregistry.info/Elements/m/P30133 :</subfield>
    <subfield code="a">Ḥusayn, Ṭāhā, 1889-1973.</subfield>
    <subfield code="t">al-Ayyām.</subfield>
    <subfield code="d">Miṣr : Dār al-Maʻārif, 1947</subfield>
    <subfield code="w">(OCoLC)784422994</subfield>
    <subfield code="w">(OCoLC)784422994</subfield>
  </datafield>
  <datafield tag="775" ind1="0" ind2="8">
    <subfield code="6">880-07</subfield>
    <subfield code="i">has designation of edition</subfield>
    <subfield code="4">http://rdaregistry.info/Elements/m/P30133 :</subfield>
    <subfield code="a">Ḥusayn, Ṭāhā, 1889-1973.</subfield>
    <subfield code="t">al-Ayyām.</subfield>
    <subfield code="d">Miṣr : Maṭbaʻat al-Maʻārif wa-Maktabatuhā, 1940-1942</subfield>
    <subfield code="w">(OCoLC)936117416</subfield>
    <subfield code="w">(OCoLC)936117416</subfield>
  </datafield>
  <datafield tag="775" ind1="0" ind2="8">
    <subfield code="6">880-08</subfield>
    <subfield code="i">has designation of edition</subfield>
    <subfield code="4">http://rdaregistry.info/Elements/m/P30133 :</subfield>
    <subfield code="a">Ḥusayn, Ṭāhā, 1889-1973.</subfield>
    <subfield code="t">al-Ayyām.</subfield>
    <subfield code="d">Miṣr : Dār al-Maʻārif, 1953</subfield>
    <subfield code="w">(OCoLC)784422992</subfield>
    <subfield code="w">(OCoLC)784422992</subfield>
  </datafield>
  <datafield tag="775" ind1="0" ind2="8">
    <subfield code="6">880-09</subfield>
    <subfield code="i">has designation of edition</subfield>
    <subfield code="4">http://rdaregistry.info/Elements/m/P30133 :</subfield>
    <subfield code="a">Ḥusayn, Ṭāhā, 1889-1973.</subfield>
    <subfield code="t">al-Ayyām.</subfield>
    <subfield code="b">al-Ṭabʻah al-khāmisah wa-al-khamsūn.</subfield>
    <subfield code="d">al-Qāhirah: Dār al-Maʻārif, 1977</subfield>
    <subfield code="w">(OCoLC)784423007</subfield>
    <subfield code="w">(OCoLC)784423007</subfield>
  </datafield>
  <datafield tag="852" ind1=" " ind2=" ">
    <subfield code="a">Jafet Library</subfield>
    <subfield code="e">American University of Beirut, Bliss Street , Beirut, Lebanon.</subfield>
  </datafield>
  <datafield tag="880" ind1="1" ind2=" ">
    <subfield code="6">100-01/(3/r</subfield>
    <subfield code="a">حسين، طه،</subfield>
    <subfield code="d">1889-1973،</subfield>
    <subfield code="e">مؤلف. </subfield>
    <subfield code="4">aut.</subfield>
  </datafield>
  <datafield tag="880" ind1="1" ind2="3">
    <subfield code="6">245-02/(3/r</subfield>
    <subfield code="a">الأيام /</subfield>
    <subfield code="c">طه حسين</subfield>
  </datafield>
  <datafield tag="880" ind1=" " ind2="1">
    <subfield code="6">264-03/(3/r</subfield>
    <subfield code="a">مصر :</subfield>
    <subfield code="b">مطبعة المعارف ومكتبتها،</subfield>
    <subfield code="c">1945.</subfield>
  </datafield>
  <datafield tag="880" ind1=" " ind2=" ">
    <subfield code="6">300-04/(3/r</subfield>
    <subfield code="a">2 جزء ؛</subfield>
    <subfield code="c">21 سم</subfield>
  </datafield>
  <datafield tag="880" ind1="0" ind2="8">
    <subfield code="6">775-05/(3/r</subfield>
    <subfield code="i">دلالة على الطبعة</subfield>
    <subfield code="4">http://rdaregistry.info/Elements/m/P30133 :</subfield>
    <subfield code="a">حسين، طه، 1889-1973.</subfield>
    <subfield code="t">الأيام.</subfield>
    <subfield code="b">الطبعة الثانية والخمسون.</subfield>
    <subfield code="d">مصر : دار المعارف، 1974</subfield>
    <subfield code="w">(LEAUB)b19207281</subfield>
  </datafield>
  <datafield tag="880" ind1="0" ind2="8">
    <subfield code="6">775-06/(3/r</subfield>
    <subfield code="i">دلالة على الطبعة</subfield>
    <subfield code="4">http://rdaregistry.info/Elements/m/P30133 :</subfield>
    <subfield code="a">حسين، طه، 1889-1973.</subfield>
    <subfield code="t">الأيام.</subfield>
    <subfield code="d">مصر : دار المعارف، 1947</subfield>
    <subfield code="w">(LEAUB)b12594520</subfield>
    <subfield code="w">(OCoLC)784422994</subfield>
  </datafield>
  <datafield tag="880" ind1="0" ind2="8">
    <subfield code="6">775-07/(3/r</subfield>
    <subfield code="i">دلالة على الطبعة</subfield>
    <subfield code="4">http://rdaregistry.info/Elements/m/P30133 :</subfield>
    <subfield code="a">حسين، طه، 1889-1973.</subfield>
    <subfield code="t">الأيام.</subfield>
    <subfield code="d">مصر : مطبعة المعارف ومكتبتها، 1940-1942</subfield>
    <subfield code="w">(LEAUB)b18271649</subfield>
    <subfield code="w">(OCoLC)936117416</subfield>
  </datafield>
  <datafield tag="880" ind1="0" ind2="8">
    <subfield code="6">775-08/(3/r</subfield>
    <subfield code="i">دلالة على الطبعة</subfield>
    <subfield code="4">http://rdaregistry.info/Elements/m/P30133 :</subfield>
    <subfield code="a">حسين، طه، 1889-1973.</subfield>
    <subfield code="t">الأيام.</subfield>
    <subfield code="d">مصر : دار المعارف، 1953</subfield>
    <subfield code="w">(LEAUB)b12594507</subfield>
    <subfield code="w">(OCoLC)784422992</subfield>
  </datafield>
  <datafield tag="880" ind1="0" ind2="8">
    <subfield code="6">775-09/(3/r</subfield>
    <subfield code="i">دلالة على الطبعة</subfield>
    <subfield code="4">http://rdaregistry.info/Elements/m/P30133 :</subfield>
    <subfield code="a">حسين، طه، 1889-1973.</subfield>
    <subfield code="t">الأيام.</subfield>
    <subfield code="b">الطبعة الخامسة والخمسون</subfield>
    <subfield code="d">القاهرة : دار المعارف، 1977</subfield>
    <subfield code="w">(LEAUB)b12594659</subfield>
    <subfield code="w">(OCoLC)784423007</subfield>
  </datafield>
  <datafield tag="907" ind1=" " ind2=" ">
    <subfield code="a">.b22107228</subfield>
    <subfield code="b">19-01-22</subfield>
    <subfield code="c">19-01-07</subfield>
  </datafield>
  <datafield tag="945" ind1=" " ind2=" ">
    <subfield code="f">J</subfield>
    <subfield code="a">892.78:Ha3924aA:1945:v.2</subfield>
    <subfield code="i">01041133</subfield>
    <subfield code="j">.i13109017</subfield>
    <subfield code="l">u0503</subfield>
  </datafield>
  <datafield tag="998" ind1=" " ind2=" ">
    <subfield code="a">u05</subfield>
    <subfield code="b">19-01-07</subfield>
    <subfield code="c">m</subfield>
    <subfield code="d">b  </subfield>
    <subfield code="e">-</subfield>
    <subfield code="f">ara</subfield>
    <subfield code="g">ua </subfield>
    <subfield code="h">0</subfield>
    <subfield code="i">0</subfield>
  </datafield>
</record>
</collection>
